\Sort{
  Mode{on}
  Collation{mixed}
  SortTypeOrder{key,name}
  NameOrder{ascending}
  Key{_none}
  KeyOrder{ascending,nulls first}
  StringSort{ascending}
}
@BOOK{alonso,
  author = {Marcelo Alonso and E. J. Finn},
  year = 2000,
  title = {Physik},
  publisher = {Oldenbourg},
  address = {M\"unchen}
}
@BOOK{bejo,
  author = {J. Becker and H.-J. Jodl},
  year = 1991,
  title = {Physik F\"ur Ingenieure und Naturwissenschaftler},
  note = {ISBN: 3-18-400939-4},
  publisher = {VDI Verlag},
  address = {D\"usseldorf}
}
@BOOK{berk1,
  author = {Charles Kittel and Walter D. Knight and Malvin A. Ruderman and
           Robin Pestel},
  year = 1991,
  title = {Mechanik},
  series = {Berkeley-Physik-Kurs},
  volume = 1,
  publisher = {Vieweg},
  address = {Braunschweig}
}
@BOOK{berk2,
  author = {Edward M. Purcell},
  year = 1989,
  title = {Elektrizit\"at und Magnetismus},
  series = {Berkeley-Physik-Kurs},
  volume = 2,
  publisher = {Vieweg},
  address = {Braunschweig}
}
@BOOK{berk3,
  author = {Frank S. Crawford},
  year = 1989,
  title = {Schwingungen und Wellen},
  series = {Berkeley-Physik-Kurs},
  volume = 3,
  publisher = {Vieweg},
  address = {Braunschweig}
}
@BOOK{berk4,
  author = {Eyvind H. Wichmann},
  year = 1989,
  title = {Quantenphysik},
  series = {Berkeley-Physik-Kurs},
  volume = 4,
  publisher = {Vieweg},
  address = {Braunschweig}
}
@BOOK{berk5,
  author = {Frederic Reif},
  year = 1990,
  title = {Statistische Physik},
  series = {Berkeley-Physik-Kurs},
  volume = 5,
  publisher = {Vieweg},
  address = {Braunschweig}
}
@BOOK{beving,
  author = {Philip R. Bevington and D. Keith Robinson},
  year = 1992,
  title = {Data Reduction and Error Analysis for the Physical Sciences},
  edition = 2,
  note = {0-07-911243-9},
  publisher = {McGraw-Hill}
}
@BOOK{blaubuch,
  editor = {S. Fl{\"u}gge},
  year = 1984,
  title = {Handbuch der Physik},
  series = {Handbuch der Physik},
  note = {in der BBP},
  publisher = {Springer},
  address = {Berlin}
}
@BOOK{bron,
  author = {I. N. Bronstein and K. A. Semendjajew and G. Musiol and H.
           M{\"u}hlig},
  year = 1999,
  title = {Taschenbuch der Mathematik},
  edition = 4,
  publisher = {Harri Deutsch},
  address = {Thun, Frankfurt}
}
@BOOK{bs1,
  author = {Klaus Stierstadt and Wilhelm T. Hering and Thomas Dorfm{\"u}ller},
  year = 1998,
  title = {Mechanik, Relativit\"at, W\"arme},
  series = {Bergmann-Schaefer: Lehrbuch der Experimentalphysik},
  volume = 1,
  publisher = {Walther de Gruyter},
  address = {Berlin - New York}
}
@BOOK{bs2,
  author = {Wilhelm Raith},
  year = 1999,
  title = {Elektromagnetismus},
  series = {Bergmann-Schaefer: Lehrbuch der Experimentalphysik},
  volume = 2,
  publisher = {Walther de Gruyter},
  address = {Berlin - New York}
}
@BOOK{bs3,
  author = {Heinz Niedrig},
  editor = {Heinz Niedrig},
  year = 1993,
  title = {Optik},
  series = {Bergmann-Schaefer: Lehrbuch der Experimentalphysik},
  volume = 3,
  publisher = {Walther de Gruyter},
  address = {Berlin - New York}
}
@BOOK{bs4,
  author = {Wilhelm Raith},
  year = 1992,
  title = {Teilchen},
  series = {Bergmann-Schaefer: Lehrbuch der Experimentalphysik},
  volume = 4,
  publisher = {Walther de Gruyter},
  address = {Berlin - New York}
}
@BOOK{bs5,
  author = {Wilhelm Raith},
  year = 1992,
  title = {Vielteilchen-Systeme},
  series = {Bergmann-Schaefer: Lehrbuch der Experimentalphysik},
  volume = 5,
  publisher = {Walther de Gruyter},
  address = {Berlin - New York}
}
@BOOK{bs6,
  author = {Wilhelm Raith},
  year = 1992,
  title = {Festk\"orper},
  series = {Bergmann-Schaefer: Lehrbuch der Experimentalphysik},
  volume = 6,
  publisher = {Walther de Gruyter},
  address = {Berlin - New York}
}
@BOOK{bs7,
  author = {Wilhelm Raith},
  year = 2001,
  title = {Erde und Planeten},
  series = {Bergmann-Schaefer: Lehrbuch der Experimentalphysik},
  volume = 7,
  publisher = {Walther de Gruyter},
  address = {Berlin - New York}
}
@BOOK{bs8,
  author = {Wilhelm Raith},
  year = 2002,
  title = {Sterne und Weltraum},
  series = {Bergmann-Schaefer: Lehrbuch der Experimentalphysik},
  volume = 2,
  publisher = {Walther de Gruyter},
  address = {Berlin - New York}
}
@BOOK{budo,
  author = {Agoston Budo},
  year = 1971,
  title = {Theoretische Mechanik},
  series = {Hochschulb\"ucher F\"ur Physik},
  volume = 25,
  publisher = {Deutscher Verlag der Wissenschaften},
  address = {Berlin}
}
@BOOK{c-prog,
  author = {Martin Schader and Stefan Kuhlins},
  year = 1993,
  title = {Programmieren in {C++}: Einf\"uhrung in Den Sprachstandard {C++}},
  series = {Springer Lehrbuch},
  publisher = {Springer},
  address = {Berlin}
}
@BOOK{cip,
  author = {U. Diemer and B. Basel and H.-J. Jodl},
  year = 1999,
  title = {Computer im Praktikum},
  publisher = {Springer},
  address = {Berlin}
}
@BOOK{codata,
  author = {E. Richard Cohen and Pierre Giacomo},
  year = 1987,
  title = {Symbols, Units, Nomenclature and Fundamental Constants in Physics},
  series = {{IUPAP}-25, {CODATA}},
  note = {Reprinted from Physica 146A (1987) 1-68},
  publisher = {IUPAP - International Union of Pure and Applied Physics},
  address = {Thousand Oaks}
}
@BOOK{cornay,
  author = {A. Cornay},
  year = 1999,
  title = {Atomic and Laser Spectroscopy},
  publisher = {Clarendon Press},
  address = {Oxford}
}
@BOOK{crank,
  author = {J. Crank},
  year = 1975,
  title = {The Mathematics of Diffusion},
  series = {},
  publisher = {Clarendon Press},
  address = {Oxford}
}
@BOOK{dealuncertain,
  author = {Manfred Drosg},
  year = 2006,
  title = {Dealing with Uncertainties - A Guide to Error Analysis},
  publisher = {Springer},
  address = {Heidelberg}
}
@BOOK{dem1,
  author = {Wolfgang Demtr{\"o}der},
  year = 2000,
  title = {Experimentalphysik 1: Mechanik und W\"arme},
  series = {Springer-Lehrbuch},
  note = {ISBN: 3-540-57097-7},
  publisher = {Springer},
  address = {Berlin}
}
@BOOK{dem2,
  author = {Wolfgang Demtr{\"o}der},
  year = 2000,
  title = {Experimentalphysik 2: Elektrizit\"at und Optik},
  series = {Springer-Lehrbuch},
  note = {ISBN: 3-540-57097-7},
  publisher = {Springer},
  address = {Berlin Heidelberg New York}
}
@BOOK{dem3,
  author = {Wolfgang Demtr{\"o}der},
  year = 2000,
  title = {Experimentalphysik 3: Atome, Molek\"ule und Festk\"orper},
  series = {Springer-Lehrbuch},
  note = {ISBN: 3-540-57097-7},
  publisher = {Springer},
  address = {Berlin Heidelberg New York}
}
@BOOK{dem4,
  author = {Wolfgang Demtr{\"o}der},
  year = 2000,
  title = {Experimentalphysik 4: Kern-, Teilchen- und Astrophysik},
  series = {Springer-Lehrbuch},
  note = {ISBN: 3-540-57097-7},
  publisher = {Springer},
  address = {Berlin Heidelberg New York}
}
@BOOK{detekt,
  author = {K. Kleinknecht},
  year = 1992,
  title = {Detektoren F\"ur Teilchenstrahlung},
  series = {Teubner Studienb\"ucher Physik},
  publisher = {Teuber},
  address = {Stuttgart}
}
@BOOK{dornbader,
  author = {Friedrich Dorn and Franz Bader},
  year = 2000,
  title = {Physik in Einem Band, Sek {II}},
  publisher = {Schroedel Verlag},
  address = {Hannover}
}
@BOOK{drosg,
  author = {Manfred Drosg},
  year = 2006,
  title = {Der Umgang mit Unsicherheiten},
  publisher = {facultas},
  address = {Wien}
}
@BOOK{el_horow,
  author = {P. Horowitz and W. Hill},
  year = 1997,
  title = {The Art of Electronics},
  publisher = {Cambridge University Press},
  address = {Oxford}
}
@BOOK{el_rohe,
  author = {K. H. Rohe},
  year = 1978,
  title = {Elektronik F\"ur Physiker},
  publisher = {Teubner},
  address = {Stuttgart}
}
@BOOK{el_weddigen,
  author = {C. Weddigen and W. J{\"u}ngst},
  year = 1986,
  title = {Elektronik},
  publisher = {Springer},
  address = {Berlin}
}
@BOOK{feyn1,
  author = {Richard P. Feynman and Robert B. Leighton and Matthew Sands},
  year = {1999-2001},
  title = {Mechanik, Strahlung, W\"arme},
  series = {Feynman Lectures in Physics},
  volume = 1,
  publisher = {Oldenbourg}
}
@BOOK{feyn2,
  author = {Richard P. Feynman and Robert B. Leighton and Matthew Sands},
  year = {1999-2001},
  title = {Elektromagnetismus und Struktur der Materie},
  series = {Feynman Lectures in Physics},
  volume = 2,
  publisher = {Oldenbourg}
}
@BOOK{feyn3,
  author = {Richard P. Feynman and Robert B. Leighton and Matthew Sands},
  year = {1999-2001},
  title = {Quantenmechanik},
  series = {Feynman Lectures in Physics},
  volume = 3,
  publisher = {Oldenbourg}
}
@ARTICLE{fick,
  author = {A. Fick},
  year = 1855,
  journal = {Annalen der Physik},
  volume = 170,
  pages = 59
}
@ARTICLE{flammersfeld,
  author = {Arnold Flammersfeld},
  year = 1972,
  journal = {Z. Nat.},
  volume = {27a},
  pages = 540,
  note = {Kopie beim Betreuer einsehbar}
}
@BOOK{frauenfelder,
  author = {Hans Frauenfelder and Ernest M. Henley},
  year = 1999,
  title = {Teilchen und Kerne: Die Welt der Subatomaren Physik},
  publisher = {Oldenbourg},
  address = {M\"unchen}
}
@BOOK{gerth,
  author = {D. Meschede},
  year = 2003,
  title = {Gerthsen: Physik},
  publisher = {Springer},
  address = {Berlin}
}
@BOOK{geschke,
  author = {Dieter Geschke},
  year = 2001,
  title = {Physikalisches Praktikum},
  publisher = {Teubner},
  address = {Stuttgart}
}
@BOOK{goldstein,
  author = {H. Goldstein},
  year = 1983,
  title = {Klassische Mechanik},
  publisher = {Akademische Verlagsgesellschaft},
  address = {Wiesbaden}
}
@BOOK{goossens,
  author = {Michael Goossens and Frank Mittelbach and Alexander Samarin},
  year = 2002,
  title = {Der {\LaTeX}-Begleiter},
  publisher = {Pearson Studium},
  address = {M\"unchen}
}
@BOOK{grim1,
  author = {Ernst Grimsehl},
  editor = {Walter L. Schallreuter},
  year = 1971,
  title = {Mechanik, Akustik, W\"armelehre},
  series = {Lehrbuch der Physik},
  volume = 1,
  publisher = {Teubner},
  address = {Leipzig}
}
@BOOK{grim2,
  author = {Ernst Grimsehl},
  editor = {Walter L. Schallreuter},
  year = 1967,
  title = {Elektromagnetisches Feld},
  series = {Lehrbuch der Physik},
  volume = 2,
  publisher = {Teubner},
  address = {Leipzig}
}
@BOOK{grim3,
  author = {Ernst Grimsehl},
  editor = {Walter L. Schallreuter},
  year = 1969,
  title = {Optik},
  series = {Lehrbuch der Physik},
  volume = 3,
  publisher = {Teubner},
  address = {Leipzig}
}
@BOOK{grim4,
  author = {Ernst Grimsehl},
  editor = {Walter L. Schallreuter},
  year = 1968,
  title = {Struktur der Materie},
  series = {Lehrbuch der Physik},
  volume = 4,
  publisher = {Teubner},
  address = {Leipzig}
}
@BOOK{hakenwolf,
  author = {H. Haken and H. C. Wolf},
  year = 2002,
  title = {Atom- und Quantenphysik},
  publisher = {Springer},
  address = {Berlin}
}
@BOOK{halli,
  author = {David Halliday and Robert Resnick and Jearl Walker},
  year = 2003,
  title = {Physik},
  note = {Deutsche Bearbeitung: Stephan W. Koch; ISBN: 3-527-40366-3},
  publisher = {Wiley VCH},
  address = {Weinheim}
}
@BOOK{hering,
  author = {Ekbert Hering and Rolf Martin and Martin Stohrer},
  year = 1989,
  title = {Physik F\"ur Ingenieure},
  publisher = {VDI Verlag},
  address = {D\"usseldorf}
}
@BOOK{joos,
  author = {Georg Joos},
  year = 1970,
  title = {Lehrbuch der Theoretischen Physik},
  publisher = {Akademische Verlangsgesellschaft},
  address = {Frankfurt}
}
@BOOK{kamke,
  author = {Detlef Kamke and Klaus Kr{\"a}mer},
  year = 1977,
  title = {Physikalische Grundlagen der Ma\ss einheiten: Mit Einem Anhang
          \"uber Fehlerrechnung},
  publisher = {Teubner},
  address = {Stuttgart}
}
@BOOK{kirchhoff,
  author = {Gustav Robert Kirchhoff},
  editor = {Max Planck},
  year = 1891,
  title = {Vorlesungen \"uber Electricit\"at und Magnetismus},
  series = {Vorlesungen \"uber Mathematische Physik},
  volume = 3,
  note = {SUB G\"ottingen: 8 Phys I, 6292:3},
  publisher = {Teubner},
  address = {Leibzig}
}
@BOOK{kittel,
  author = {Charles Kittel},
  year = 1999,
  title = {Festk\"orperphysik},
  publisher = {Oldenbourg},
  address = {M\"unchen}
}
@BOOK{kneu,
  author = {F. K. Kneub{\"u}hl},
  year = 1988,
  title = {Repetitorium der Physik},
  publisher = {Teubner},
  address = {Stuttgart}
}
@BOOK{kneu-laser,
  author = {F. K. Kneub{\"u}hl and M. W. Sigrist},
  year = 1995,
  title = {Laser},
  edition = 4,
  series = {Teubner Studienb\"ucher},
  publisher = {Teubner},
  address = {Stuttgart}
}
@BOOK{kohlr1,
  author = {Friedrich Kohlrausch},
  editor = {Volkmar Kose and Siegfried Wagner},
  year = 1996,
  title = {Praktische Physik 1: Mechanik, Akustik, W\"arme, Elektrizit\"at},
  edition = 24,
  publisher = {Teubner},
  address = {Stuttgart}
}
@BOOK{kohlr2,
  author = {Friedrich Kohlrausch},
  editor = {Volkmar Kose and Siegfried Wagner},
  year = 1996,
  title = {Praktische Physik 2: Magnetismus, Optik, Radioaktivit\"at,
          Strahlung, Struktur und Eigenschaften Von Materie},
  edition = 24,
  publisher = {Teubner},
  address = {Stuttgart}
}
@BOOK{kohlr3,
  author = {Friedrich Kohlrausch},
  editor = {Volkmar Kose and Siegfried Wagner},
  year = 1996,
  title = {Praktische Physik 3: Messung und Auswertung, Elektronik,
          Messdatenerfassung, Normung, Pr\"ufwesen},
  edition = 24,
  publisher = {Teubner},
  address = {Stuttgart}
}
@BOOK{kopka,
  author = {Helmut Kopka},
  year = 2002,
  title = {Einf\"uhrung},
  series = {\LaTeX},
  volume = 1,
  publisher = {Pearson Studium},
  address = {M\"unchen}
}
@BOOK{kopka2,
  author = {Helmut Kopka},
  year = 2002,
  title = {Erg\"anzungen},
  series = {\LaTeX},
  volume = 2,
  publisher = {Pearson Studium},
  address = {M\"unchen}
}
@BOOK{kop_fk,
  author = {K. Kopitzki},
  year = 1993,
  title = {Einf\"uhrung in Die Festk\"orperpysik},
  series = {Teubner Studienb\"ucher},
  publisher = {Teubner},
  address = {Stuttgart}
}
@BOOK{kuhn,
  author = {H. G. Kuhn},
  year = 1962,
  title = {Atomic Spectra},
  publisher = {Longmans},
  address = {London}
}
@BOOK{kuypers,
  author = {Friedhelm Kuypers},
  year = 2003,
  title = {Klassische Mechanik},
  note = {mit 99 Beispielen und 120 Aufgaben mit L\"osungen},
  publisher = {Wiley-VCH},
  address = {Weinheim}
}
@BOOK{landbern,
  editor = {W. Martiensssen},
  year = 2003,
  series = {Landolt-B\"ornstein: Numerical Data and Functional Relationships
           in Science and Technology - New Series},
  note = {Gegr\"undet von H. Landolt and R. B\"ornstein},
  publisher = {Springer},
  address = {Berlin}
}
@BOOK{lichten,
  author = {W. Lichten and D. Meschede},
  year = 1988,
  title = {Skriptum Fehlerrechnung},
  publisher = {Springer},
  address = {Heidelberg}
}
@BOOK{lipson,
  author = {S. G. Lipson and H. S. Lipson and D. S. Tannhauser},
  year = 1995,
  title = {Optik},
  publisher = {Springer},
  address = {Berlin}
}
@BOOK{luesch1,
  author = {Edgar L{\"u}scher},
  year = 1967,
  title = {Mechanik, Geometrische Optik, W\"arme},
  series = {Vorlesung \"uber Experimentalphysik},
  volume = 1,
  publisher = {BI-Hochschultaschenb\"ucher},
  address = {Mannheim}
}
@BOOK{luesch2,
  author = {Edgar L{\"u}scher},
  year = 1966,
  title = {Elektromagnetische Vorg\"ange},
  series = {Vorlesung \"uber Experimentalphysik},
  volume = 2,
  publisher = {BI-Hochschultaschenb\"ucher},
  address = {Mannheim}
}
@BOOK{luesch3,
  author = {Edgar L{\"u}scher},
  year = 1970,
  title = {Grundlagen Zur Atomphysik},
  series = {Vorlesung \"uber Experimentalphysik},
  volume = 3,
  publisher = {BI-Hochschultaschenb\"ucher},
  address = {Mannheim}
}
@BOOK{mayerkuckuck,
  author = {T. Mayer-Kuckuck},
  year = 1998,
  title = {Atomphysik},
  publisher = {Teubner},
  address = {Stuttgart}
}
@BOOK{mayer_kern,
  author = {T. Mayer-Kuckuck},
  year = 1998,
  title = {Kernphysik},
  publisher = {Teubner},
  address = {Stuttgart}
}
@BOOK{messunsicher,
  author = {Klaus Weise and Wolfgang W{\"o}ger},
  year = 1999,
  title = {Me\ss unsicherheit und Me\ss datenauswertung},
  publisher = {Wiley-VCH},
  address = {Weinheim}
}
@BOOK{metzler,
  author = {Joachim Grehn and Joachim Krause},
  year = 1998,
  title = {Metzler Physik},
  publisher = {Schroedel},
  address = {Hannover}
}
@BOOK{minni,
  author = {G. Von Minnigerode},
  year = 1994,
  title = {Scriptum Zur Vorlesung Physik},
  publisher = {Universit\"at G\"ottingen},
  address = {G\"ottingen}
}
@BOOK{musiol,
  author = {Gerhard Musiol},
  year = 1988,
  title = {Kern- und Elementarteilchenphysik},
  publisher = {VCH},
  address = {Weinheim}
}
@ARTICLE{nolting99,
  author = {F. Nolting and J. Schurr and S. Schlamminger and W. K{\"u}ndig},
  year = 1999,
  journal = {Physikalische Bl\"atter},
  volume = 55,
  number = 4,
  pages = {51-53},
  note = {Auf der Web-Seite abrufbar}
}
@BOOK{npp,
  author = {H. J. Eichler and H.-D. Kronfeldt and J. Sahm},
  year = 2001,
  title = {Das Neue Physikalische Grundpraktikum},
  series = {Springer Lehrbuch},
  note = {ISBN 3-540-63109-7},
  publisher = {Springer},
  address = {Berlin Heidelberg New York}
}
@BOOK{numrec,
  author = {William H. Press},
  year = 1992,
  title = {Numerical Recipes in {C}: The Art of Scientific Computing},
  publisher = {Cambride University Press},
  address = {Cambridge}
}
@BOOK{numrec2,
  title = {Numerical Recipes}
}
@BOOK{orear,
  author = {Jay Orear},
  year = 1975,
  title = {Grundlagen der Modernen Physik},
  publisher = {Hanser},
  address = {M\"unchen}
}
@BOOK{paus,
  author = {Hans J. Paus},
  year = 2002,
  title = {Physik in Experimenten und Beispielen},
  publisher = {Hanser},
  address = {M\"unchen}
}
@BOOK{physmess,
  author = {H.-J. Kunze},
  year = 1986,
  title = {Physikalische Me\ss methoden},
  series = {Teubner Studienb\"ucher Physik},
  publisher = {Teubner},
  address = {Stuttgart}
}
@BOOK{phywe-xrd,
  author = {K. Hermbecker},
  year = 2002,
  title = {Handbook of Physics X-Ray Experiments},
  publisher = {Phywe},
  address = {G\"ottingen}
}
@BOOK{pohl,
  author = {Klaus L{\"u}ders and Robert O. Pohl},
  year = 2004,
  title = {Pohls Einf\"uhrung in Die Physik: Mechanik, Akustik, W\"arme},
  note = {ISBN: 3-540-20309-5},
  publisher = {Springer},
  address = {Berlin, Heidelberg, New York},
  comment = {Enh\"alt 2 CDs mit Videofilmen}
}
@BOOK{povh,
  author = {Bogdan Povh},
  year = 2001,
  title = {Teilchen und Kerne: Eine Einf\"uhrung in Die Physikalischen
          Konzepte},
  publisher = {Springer},
  address = {Berlin}
}
@BOOK{reif,
  author = {F. Reif},
  year = 1985,
  title = {Statistische Physik und Theorie der W\"arme},
  publisher = {W. de Gruyter},
  address = {Berlin}
}
@ARTICLE{ruechardt,
  author = {E. R{\"u}chardt},
  year = 1929,
  journal = {Physik. Zeitschrift},
  volume = 30,
  pages = 58,
  note = {Kopie beim Betreuer erh\"altlich}
}
@BOOK{schulduden,
  author = {Sch{\"u}lerduden},
  year = 2001,
  title = {Sch\"ulerduden: Die Physik},
  publisher = {Dudenverlag},
  address = {Mannheim}
}
@BOOK{tab,
  author = {J. Berber and H. Kacher and R. Langer},
  year = 1986,
  title = {Physik in Formeln und Tabellen},
  publisher = {Teubner},
  address = {Stuttgart}
}
@BOOK{tabphys,
  author = {Horst St{\"o}cker},
  year = 1998,
  title = {Taschenbuch der Physik},
  publisher = {Harri Deutsch},
  address = {Thun, Frankfurt}
}
@BOOK{taylor,
  author = {John R. Taylor},
  year = 1988,
  title = {Fehleranalyse - Eine Einf\"uhrung in Die Untersuchung Von
          Unsicherheiten in Physikalischen Messungen},
  publisher = {VCH Verlagsgesellschaft},
  address = {Weinheim}
}
@BOOK{tbchem,
  author = {W. Schr{\"o}ter and K.-H. Lautenschl{\"a}ger and H. Bibrack},
  year = 1995,
  title = {Taschenbuch der Chemie},
  publisher = {Harri Deutsch},
  address = {Thun, Frankfurt}
}
@BOOK{tbelektro,
  author = {Ralf Dories and Heinz Schmidt-Walter},
  year = 1998,
  title = {Taschenbuch der Elektrotechnik},
  publisher = {Harri Deutsch},
  address = {Thun, Frankfurt}
}
@BOOK{tbnum,
  author = {Horst St{\"o}cker},
  year = 1999,
  title = {Taschenbuch Mathematischer Formeln und Moderner Verfahren},
  publisher = {Harri Deutsch},
  address = {Thun, Frankfurt}
}
@BOOK{tbregel,
  author = {Holger Lutz and Wolfgang Wendt},
  year = 1998,
  title = {Taschenbuch der Regelungstechnik},
  publisher = {Harri Deutsch},
  address = {Thun, Frankfurt}
}
@BOOK{tbstat,
  author = {Horst Rinne},
  year = 1977,
  title = {Taschenbuch der Statistik},
  edition = 2,
  publisher = {Harri Deutsch},
  address = {Thun, Frankfurt}
}
@BOOK{tipler,
  author = {Paul A. Tipler and Ralph A. Llewellyn},
  year = 2003,
  title = {Moderne Physik},
  publisher = {Oldenbourg},
  address = {M\"unchen}
}
@BOOK{wal,
  author = {Wilhelm Walcher},
  year = 2004,
  title = {Praktikum der Physik},
  edition = 8,
  series = {Teubner Studienb\"ucher: Physik},
  note = {ISBN: 3-519-23038-0},
  publisher = {Teubner},
  address = {Stuttgart}
}
@BOOK{weber,
  author = {H. Weber and G. Herziger},
  year = 1999,
  title = {Laser: Grundlagen und Anwendungen},
  publisher = {Physik-Verlag},
  address = {Weinheim}
}
@BOOK{wesp,
  author = {W. H. Westphal},
  year = 1970,
  title = {Physik: Ein Lehrbuch},
  publisher = {Springer},
  address = {Berlin}
}
@BOOK{wespra,
  author = {W. Westphal},
  year = 1984,
  title = {Praktikum der Physik},
  publisher = {Springer},
  address = {Berlin}
}
